<record><leader>00000cas a22000007a 4500</leader><controlfield tag="001">22411456</controlfield><controlfield tag="008">900920d19901990mnudn ne      0    0eng d</controlfield><controlfield tag="009">10516</controlfield><datafield ind1=" " ind2=" " tag="010"><subfield code="a">sn 90060278 </subfield></datafield><datafield ind1=" " ind2=" " tag="040"><subfield code="a">MN#</subfield><subfield code="b">eng</subfield><subfield code="c">MN#</subfield><subfield code="d">CAS</subfield><subfield code="d">DLC</subfield></datafield><datafield ind1="1" ind2=" " tag="029"><subfield code="a">AU@</subfield><subfield code="b">000020654922</subfield></datafield><datafield ind1=" " ind2=" " tag="030"><subfield code="a">SAPPEI</subfield></datafield><datafield ind1=" " ind2=" " tag="042"><subfield code="a">msc</subfield></datafield><datafield ind1=" " ind2=" " tag="043"><subfield code="a">n-us-mn</subfield></datafield><datafield ind1=" " ind2=" " tag="052"><subfield code="a">4144</subfield><subfield code="b">S4</subfield></datafield><datafield ind1="0" ind2=" " tag="130"><subfield code="a">Saint Paul pioneer press (Saint Paul, Minn. : 1990 : P.M. ed.)</subfield></datafield><datafield ind1="0" ind2="0" tag="245"><subfield code="a">Saint Paul pioneer press.</subfield></datafield><datafield ind1="0" ind2="0" tag="246"><subfield code="a">Pioneer press.</subfield></datafield><datafield ind1=" " ind2=" " tag="250"><subfield code="a">P.M. ed.</subfield></datafield><datafield ind1=" " ind2=" " tag="260"><subfield code="a">St. Paul, Minn. :</subfield><subfield code="b">Northwest Publications, Inc.,</subfield><subfield code="c">1990-</subfield></datafield><datafield ind1=" " ind2=" " tag="300"><subfield code="a">v.</subfield></datafield><datafield ind1=" " ind2=" " tag="310"><subfield code="a">Daily (except Sat. and Sun.)</subfield></datafield><datafield ind1="0" ind2=" " tag="362"><subfield code="a">Vol. 141, no. 333 (Mar. 26, 1990)-</subfield></datafield><datafield ind1="1" ind2=" " tag="362"><subfield code="a">Ceased Nov. 9, 1990.</subfield></datafield><datafield ind1=" " ind2=" " tag="530"><subfield code="a">Available on microfilm from the Minnesota Historical Society.</subfield></datafield><datafield ind1=" " ind2=" " tag="752"><subfield code="a">United States</subfield><subfield code="b">Minnesota</subfield><subfield code="c">Ramsey</subfield><subfield code="d">Saint Paul.</subfield></datafield><datafield ind1="0" ind2=" " tag="775"><subfield code="t">Saint Paul pioneer press (Saint Paul, Minn. : 1990: A.M. ed.)</subfield><subfield code="w">(DLC)sn 90002131</subfield></datafield><datafield ind1="0" ind2="0" tag="780"><subfield code="t">St. Paul pioneer press dispatch (Saint Paul, Minn. : P.M. ed.)</subfield><subfield code="w">(DLC)sn 90059536</subfield></datafield><datafield ind1="0" ind2="0" tag="785"><subfield code="t">St. Paul pioneer press dispatch (Saint Paul, Minn. : 1990)</subfield><subfield code="w">(OCoLC)48259426</subfield></datafield></record>